@article{zhang2021timing,
  title={Timing and synchronisation for high-loss free-space quantum communication with Hybrid de Bruijn Codes},
  author={Zhang, Peide and Oi, Daniel KL and Lowndes, David and Rarity, John G},
  journal={IET Quantum Communication},
  volume={2},
  number={3},
  pages={80--89},
  year={2021}
}

@article{kociumaka2016efficient,
  title={Efficient ranking of Lyndon words and decoding lexicographically minimal de Bruijn sequence},
  author={Kociumaka, Tomasz and Radoszewski, Jakub and Rytter, Wojciech},
  journal={SIAM Journal on Discrete Mathematics},
  volume={30},
  number={4},
  pages={2027--2046},
  year={2016},
  publisher={SIAM}
}

@article{fredricksen1978necklaces,
  title={Necklaces of beads in k colors and k-ary de Bruijn sequences},
  author={Fredricksen, Harold and Maiorana, James},
  journal={Discrete Mathematics},
  volume={23},
  number={3},
  pages={207--210},
  year={1978},
  publisher={Elsevier}
}

@article{ruskey1992generating,
  title={Generating necklaces},
  author={Ruskey, Frank and Savage, Carla and Wang, Terry Min Yih},
  journal={Journal of Algorithms},
  volume={13},
  number={3},
  pages={414--430},
  year={1992},
  publisher={Elsevier}
}

@article{fredricksen1986algorithm,
  title={An algorithm for generating necklaces of beads in two colors},
  author={Fredricksen, Harold and Kessler, Irving J},
  journal={Discrete mathematics},
  volume={61},
  number={2-3},
  pages={181--188},
  year={1986},
  publisher={Elsevier}
}

@article{khader2018time,
  title={Time synchronization over a free-space optical communication channel},
  author={Khader, Isaac and Bergeron, Hugo and Sinclair, Laura C and Swann, William C and Newbury, Nathan R and Desch{\^e}nes, Jean-Daniel},
  journal={Optica},
  volume={5},
  number={12},
  pages={1542--1548},
  year={2018},
  publisher={Optica Publishing Group}
}

@article{duan2021survey,
  title={A survey on quantum positioning system},
  author={Duan, Shiqi and Cong, Shuang and Song, Yuanyuan},
  journal={International Journal of Modelling and Simulation},
  volume={41},
  number={4},
  pages={265--283},
  year={2021},
  publisher={Taylor \& Francis}
}